@article{Wilkins:gzJMT9lw,
author = {Wilkins, David and Lauro, Federico M and Williams, Timothy J and DeMaere, Matthew Z and Brown, Mark V and Hoffman, Jeffrey M and Andrews-Pfannkoch, Cynthia and McQuaid, Jeffrey B and Riddle, Martin J and Rintoul, Stephen R and Cavicchioli, Ricardo},
title = {{Biogeographic partitioning of the Southern Ocean revealed by metagenomics}}
}

